@misc{Bansac,
  title={Computer Vision and Convolutional Neural Networks},
  author={Bansac, Florian},
  url={https://ailephant.com/computer-vision-convolutional-neural-networks/}
}

@misc{Hymel,
  author={Shawn Hymel},
  title={Real-time Object Tracking with TensorFlow, Raspberry Pi, and Pan-Tilt HAT},
  url={https://www.digikey.com/en/maker/projects/how-to-perform-object-detection-with-tensorflow-lite-on-raspberry-pi/b929e1519c7c43d5b2c6f89984883588}
}

@misc{Johnson,
  author={Leigh Johnson},
  title={How to Perform Object Detection with TensorFlow Lite on Raspberry Pi},
  url={https://towardsdatascience.com/real-time-object-tracking-with-tensorflow-raspberry-pi-and-pan-tilt-hat-2aeaef47e134}
}

@article{Luo,
  author={Hanbin Luo and Chaohua Xiong and Weili Fang and Peter E.D. Love and Bowen Zhang and Xi Ouyang},
  title={How to Perform Object Detection with TensorFlow Lite on Raspberry Pi},
  journal={Automation in Construction},
  year={2018},
  volume={94},
  pages={282 - 289}
}

@misc{Maladkar,
  author={KISHAN MALADKAR},
  title={Overview Of Convolutional Neural Network In Image Classification},
  url={https://analyticsindiamag.com/convolutional-neural-network-image-classification-overview/}
}

@INPROCEEDINGS{Xie,
  author={L. {Xie} and X. {Guo}},
  booktitle={2019 IEEE International Conference on Smart Internet of Things (SmartIoT)},
  title={Object Detection and Analysis of Human Body Postures Based on TensorFlow},
  year={2019},
  pages={397-401}
}

@INPROCEEDINGS{Chauhan,
  author={R. {Chauhan} and K. K. {Ghanshala} and R. C. {Joshi}}, 
  booktitle={2018 First International Conference on Secure Cyber Computing and Communication (ICSCCC)},
  title={Convolutional Neural Network (CNN) for Image Detection and Recognition},
  year={2018},
  pages={278-282}
}

@INPROCEEDINGS{Dinama,
  author={D. M. {Dinama} and Q. {Aâ€™yun} and A. D. {Syahroni} and I. {Adji Sulistijono} and A. {Risnumawan}},
  booktitle={2019 International Electronics Symposium (IES)},
  title={Human Detection and Tracking on Surveillance Video Footage Using Convolutional Neural Networks},
  year={2019},
  pages={534-538}
}

@INPROCEEDINGS{Pienaar,
  author={S. W. {Pienaar} and R. {Malekian}},
  booktitle={2019 IEEE 2nd Wireless Africa Conference (WAC)},
  title={Human Activity Recognition using Visual Object Detection},   year={2019},
  pages={1-5}
}

@INPROCEEDINGS{Xu,
  author={S. {Xu} and K. {Hung}},
  booktitle={2020 IEEE 10th Symposium on Computer Applications   Industrial Electronics (ISCAIE)},
  title={Development of an AI-based System for Automatic Detection and Recognition of Weapons in Surveillance Videos},
  year={2020},
  pages={48-52}
}

@article{George,
  author={David George and Xianghua Xie and Gary KL Tam},
  title={3D mesh segmentation via multi-branch 1D convolutional neural networks},
  journal={Graphical Models},
  year={2018},
  volume={96},
  pages={1 - 10}
}

@INPROCEEDINGS{Sharma,
  author={S. K. {Sharma} and R. {Agrawal} and S. {Srivastava} and D. K. {Singh}},
  booktitle={2017 International Conference on Wireless Communications, Signal Processing and Networking (WiSPNET)},
  title={Review of human detection techniques in night vision},
  year={2017},
  pages={2216-2220}
}